@book{mandelbrot2013fraktale,
  title={Die fraktale Geometrie der Natur},
  author={Mandelbrot, Beno{\^\i}t},
  year={2013},
  publisher={Springer-Verlag}
}

@misc{moore1965cramming,
  title={Cramming more components onto integrated circuits},
  author={Moore, Gordon E and others},
  year={1965},
  publisher={McGraw-Hill New York, NY, USA:}
}

@misc{fpgaDesign,
  title = {{FPGA Architecture for the Challenge}},
  howpublished = {\url{http://www.eecg.toronto.edu/~vaughn/challenge/fpga_arch.html}},
  note = {Zugriff am: 12.06.2019}
}

@misc{soTree,
  title = {{Stackoverflow Antwort: Drawing a Fractal Tree in Python, User sheldonzy}},
  howpublished = {\url{https://stackoverflow.com/a/46754459}},
  note = {Zugriff am: 12.06.2019}
}

@misc{ibmTimeline,
  title = {{Chronology of IBM Personal Computers}},
  howpublished = {\url{https://web.archive.org/web/20150221071923/http://pctimeline.info/ibmpc/ibm1987.htm}},
  note = {Zugriff am: 12.06.2019}
}

@misc{vga-timing,
  title = {{Go Board - VGA Introduction}},
  howpublished = {\url{https://www.nandland.com/goboard/vga-introduction-test-patterns.html}},
  note = {Zugriff am: 12.06.2019}
}

@misc{hausdorff,
  title = {{Hausdorff-Dimension}},
  howpublished = {\url{https://de.wikipedia.org/wiki/Hausdorff-Dimension}},
  note = {Zugriff am: 12.06.2019}
}


@misc{startrekFractals,
  title = {{The First Completely Computer-Generated (CGI) Cinematic Image Sequence in a Feature Film}},
  howpublished = {\url{http://www.historyofinformation.com/detail.php?entryid=3584}},
  note = {Zugriff am: 12.06.2019}
}

@misc{carpenterVolLibre,
  title = {{Vol Libre: The First Fractal CGI Movie}},
  howpublished = {\url{http://www.historyofinformation.com/detail.php?entryid=3690}},
  note = {Zugriff am: 12.06.2019}
}


@manual{dsps,
    organization  = "Xilinx, Inc.",
    title         = "7 Series DSP48E1 Slice",
    number        = "UG479",
    year          =  2018,
    month         =  "MÃ¤rz",    
    note          = "v1.10"
}

@manual{bram,
    organization  = "Xilinx, Inc.",
    title         = "7 Series FPGAs
Memory Resources",
    number        = "UG473",
    year          =  2019,
    month         =  "Februar",    
    note          = "v1.13"
}