@book{mandelbrot2013fraktale,
  title={Die fraktale Geometrie der Natur},
  author={Mandelbrot, Beno{\^\i}t},
  year={2013},
  publisher={Springer-Verlag}
}